@misc{l3interface,
author = {{The \LaTeX 3 Project}},
title = {{The \LaTeX 3 Interfaces}},
howpublished = {\url{http://ctan.math.washington.edu/tex-archive/macros/latex/contrib/l3kernel/interface3.pdf}},
month = {October},
year = {2020}
}

@misc{overleaf-token,
author = {Overleaf},
title = {{What is a ``\TeX\ token''?}},
howpublished = {\url{https://www.overleaf.com/learn/latex/Articles/What_is_a_%22TeX_token%22%3F}}
}

@misc{overleaf-catcode,
author = {Overleaf},
title = {{Table of \TeX\ category codes}},
howpublished = {\url{https://www.overleaf.com/learn/latex/Table_of_TeX_category_codes}},
}

@misc{tex-se-expanding,
author = {{PLK}},
title = {{Expanding arguments before macro call}},
howpublished = {\url{https://tex.stackexchange.com/questions/104506/expanding-arguments-before-macro-call}},
month = {March},
year = {2013}
}

@article{bechtolsheim1988tutorial,
  title={A Tutorial on \cs{expandafter}},
  author={Bechtolsheim, Stephan V.},
  journal={TUGboat},
  volume={9},
  number={1},
  pages={57--61},
  year={1988}
}